@article{fermi,
    title={The ionization loss of energy in gases and in condensed materials},
    author={Fermi, Enrico},
    journal={Physical Review},
    volume={57},
    number={6},
    pages={485},
    year={1940},
    publisher={APS},
}

@online{Jens,
    author = {Andreasson, Jens},
    title = {Webbserverprogrammering med Node och Express},
    url = {https://jens-andreasson.gitbook.io/webbserverprogrammering/webbserver/node-introduktion},
    urldate = {2021-09-03},
}

@online{WCAG,
    author = {W3C®},
    title = {Web Content Accessibility Guidelines (WCAG) 2.0},
    url = {https://www.w3.org/TR/WCAG20/},
    urldate = {2023-11-22},
}

@online{audioeye,
    author = {AudioEye, Inc},
    title = {How Screen Readers Make Digital Content Accessible},
    url = {https://www.audioeye.com/post/what-is-a-screen-reader/},
    urldate = {2023-09-15},
}

@book{Fraenkel,
    author={Fraenkel, Lars and Gottfridsson, Daniel and Jonasson, Ulf},
    title={Impuls Fysik. 1},
    publisher={Gleerups},
    address={Malm{\"o}},
    year={2011},
    edition={1. uppl., 2. tr.},
    ISBN={9140674150},
    keywords={Fysik},
}

@online{ComputerSweden,
    author = {ComputerSweden},
    title = {datorspel},
    date = {2021-03-04},
    url = {https://it-ord.idg.se/ord/datorspel/},
}

@software{CounterStrike,
    title = {Counter-Strike 2},
    date = {2023-09-27},
    url = {https://store.steampowered.com/app/730/CounterStrike_2/},
    author = {Valve},
}
@online{InflationCalculator,
    author = {Alioth Finance},
    title = {Euro Inflation Calculator: EUR from 1997 to 2024.” Official Inflation Data},
    date = {2024-04-10},
    url = {https://www.officialdata.org/Euro-inflation.},
}

@online{Inflation,
    author = {Statistikmyndigheten},
    title = {Inflationen i Sverige},
    date = {2024-02-15},
    url = {https://www.scb.se/hitta-statistik/sverige-i-siffror/samhallets-ekonomi/inflation/},
}

@online{SteamDB,
    author = {xPaw},
    title = {Frequently Asked Questions},
    date = {2024-04-24},
    url = {https://steamdb.info/faq/},
}

@online{Publisher,
    author = {Wikipedia},
    title = {Video game publisher},
    date = {2024-03-02},
    url = {https://en.wikipedia.org/wiki/Video_game_publisher},
}

@online{FPS,
    author = {Margaret Rouse},
    title = {First Person Shooter},
    date = {2011-10-04},
    url = {https://www.techopedia.com/definition/241/first-person-shooter-fps},
}

@online{growth,
    author = {RISE},
    title = {Dataspelsbranschen i Sverige – en nyckel för tillväxt, innovation och konkurrenskraft},
    date = {2023-10-02},
    url = {https://www.ri.se/sv/nyheter/dataspelsbranschen-i-sverige-en-nyckel-for-tillvaxt-innovation-och-konkurrenskraft},
}

@online{worlds,
    author = {Peter {Du Rietz}},
    title = {Dataspelens världar},
    date = {2021-12-07},
    url = {https://www.tekniskamuseet.se/samlingar/forskning/dataspelens-varldar/},
}

@online{amerikanska,
    author = {Jonas Mäki},
    title = {Endast 5 procent av den amerikanska spelförsäljningen var fysisk förra året},
    date = {2024-04-11},
    url = {https://www.gamereactor.se/endast-5-av-den-amerikanska-spelforsaljningen-var-fysisk-forra-aret-1329333/},
}

@book{Metodguide,
    author = {PTS},
    title = {Metodguide för intervjuer},
    date = {2020},
}

@online{CD,
    author = {{Karolinska Institutet}},
    title = {CD-ROM},
    date = {2024-05-13},
    url = {https://mesh.kib.ki.se/term/D016251/cd-rom},
}

@online{playgames,
    author = {{Playgames.se}},
    date = {2024-05-13},
    url = {https://www.playgames.se/filter?term=PC/MAC&filter=Platform},
}

@online{FZ,
    author = {Jonny Myrén},
    title = {Disney Speedstorm låser "battle pass" bakom betalvägg},
    date = {2024-04-12},
    url = {https://www.fz.se/nyhet/297128-disney-speedstorm-laser-battle-pass-bakom-betalvagg},
}

    @online{nyckel,
        author = {{Tekniska Museet}},
        title = {Datorspel},
        date = {2021-12-07},
        url = {url},
    }
        
    @online{nedladdningsbart,
        author = {Wikipedia},
        title = {Nedladdningsbart innehåll},
        date = {2020-10-24},
        url = {https://sv.wikipedia.org/wiki/Nedladdningsbart_inneh%C3%A5ll},
    }    
        
    @online{bananatic,
        author = {bananatic},
        title = {Premium Valuta},
        date = {2024-05-13},
        url = {https://www.bananatic.com/se/tag/premium-valuta},
    }    
        
    @article{loot,
        author = {Zslot Czinkozky},
        title = {Sveriges konsumenter riktar hård kritik mot spelvärlden: ”Oacceptabla affärsmetoder”},
        journal = {SVT Nyheter},
        date = {2022-06-01},
    }    
        
    @online{support,
        author = {Microsoft},
        title = {Så här fungerar digitalt spelande},
        date = {2024-05-13},
        url = {https://support.xbox.com/sv-SE/help/games-apps/gaming-features/how-digital-gaming-works},
    }
    @online{insertcoin,
        author = {{Sveriges Konsumenter}},
        title = {Insert coin en granskning av gamingindustrin},
        date = {2022-05-31},
        url = {https://www.sverigeskonsumenter.se/vad-vi-gor/digitala-rattigheter/insert-coin-en-granskning-av-gamingindustrin/},
    }
        
    @online{folkhalsa,
        author = {{Folkhälsomyndigheten}},
        title = {Samband mellan dataspel och spel om pengar},
        date = {2024-02-20},
        url = {https://www.folkhalsomyndigheten.se/spelprevention/om-spelproblem/dataspel/},
    }    
        
    @online{sverigesradio,
        author = {Sverigesradio},
        title = {Försäljning av loot-lådor granskas av Konsumentverket},
        date = {2019-10-02},
        url = {https://sverigesradio.se/artikel/7313083},
    }    
}